
@book{zarchan_fundamentals_2009,
	address = {Reston, Va},
	edition = {3rd ed},
	series = {Progress in astronautics and aeronautics},
	title = {Fundamentals of {Kalman} filtering: a practical approach},
	isbn = {978-1-60086-718-7},
	shorttitle = {Fundamentals of {Kalman} filtering},
	number = {v. 232},
	publisher = {American Institute of Aeronautics and Astronautics},
	author = {Zarchan, Paul and Musoff, Howard},
	collaborator = {American Institute of Aeronautics {and} Astronautics},
	year = {2009},
	note = {OCLC: ocn457170744},
	keywords = {Aeronautics, Control theory, Kalman filtering, Statistical methods},
	file = {KalmanFilteringPracticalApproach.pdf:/Users/sebh/Zotero/storage/GSK4T7ML/KalmanFilteringPracticalApproach.pdf:application/pdf}
}

@book{kaplan_understanding_2006,
	address = {Boston},
	edition = {2nd ed},
	series = {Artech {House} mobile communications series},
	title = {Understanding {GPS}: principles and applications},
	isbn = {978-1-58053-894-7},
	shorttitle = {Understanding {GPS}},
	language = {en},
	publisher = {Artech House},
	editor = {Kaplan, Elliott D. and Hegarty, C.},
	year = {2006},
	note = {OCLC: ocm62128065},
	keywords = {Global Positioning System},
	file = {Kaplan et Hegarty - 2006 - Understanding GPS principles and applications.pdf:/Users/sebh/Zotero/storage/9JYIU6U2/Kaplan et Hegarty - 2006 - Understanding GPS principles and applications.pdf:application/pdf}
}

@article{rs-_scanning_2012,
	title = {Scanning {Laser} {Range} {Finder} {UTM}-30LX-{EW} {Specification}},
	language = {en},
	author = {RS-, TAMAKI},
	month = dec,
	year = {2012},
	pages = {7},
	file = {RS- - Amendment Date Amended by Number.pdf:/Users/sebh/Zotero/storage/NS3358CX/RS- - Amendment Date Amended by Number.pdf:application/pdf}
}

@misc{noauthor_ros.org_nodate,
	title = {{ROS}.org {\textbar} {History}},
	url = {http://www.ros.org/history/},
	language = {en-US},
	urldate = {2018-08-08},
	file = {Snapshot:/Users/sebh/Zotero/storage/YIDZ32D8/history.html:text/html}
}